% This file was created with JabRef 2.3.1.
% Encoding: UTF-8

@Article{kerbl3Dgaussians,
      author       = {Kerbl, Bernhard and Kopanas, Georgios and Leimk{\"u}hler, Thomas and Drettakis, George},
      title        = {3D Gaussian Splatting for Real-Time Radiance Field Rendering},
      journal      = {ACM Transactions on Graphics},
      number       = {4},
      volume       = {42},
      month        = {July},
      year         = {2023},
      url          = {https://repo-sam.inria.fr/fungraph/3d-gaussian-splatting/}
}

@misc{zou2023triplane,
      title={Triplane Meets Gaussian Splatting: Fast and Generalizable Single-View 3D Reconstruction with Transformers}, 
      author={Zi-Xin Zou and Zhipeng Yu and Yuan-Chen Guo and Yangguang Li and Ding Liang and Yan-Pei Cao and Song-Hai Zhang},
      year={2023},
      eprint={2312.09147},
      archivePrefix={arXiv},
      primaryClass={cs.CV}
}

@inproceedings{yu2021pointbert,
  title={Point-BERT: Pre-Training 3D Point Cloud Transformers with Masked Point Modeling},
  author={Yu, Xumin and Tang, Lulu and Rao, Yongming and Huang, Tiejun and Zhou, Jie and Lu, Jiwen},
  booktitle={Proceedings of the IEEE Conference on Computer Vision and Pattern Recognition (CVPR)},
  year={2022}
}

@inproceedings{yu2021pointr,
  title={PoinTr: Diverse Point Cloud Completion with Geometry-Aware Transformers},
  author={Yu, Xumin and Rao, Yongming and Wang, Ziyi and Liu, Zuyan and Lu, Jiwen and Zhou, Jie},
  booktitle={ICCV},
  year={2021}
}

@misc{devlin2019bert,
      title={BERT: Pre-training of Deep Bidirectional Transformers for Language Understanding}, 
      author={Jacob Devlin and Ming-Wei Chang and Kenton Lee and Kristina Toutanova},
      year={2019},
      eprint={1810.04805},
      archivePrefix={arXiv},
      primaryClass={cs.CL}
}

@article{Miao2024,
  title = {ITrans: generative image inpainting with transformers},
  volume = {30},
  ISSN = {1432-1882},
  url = {http://dx.doi.org/10.1007/s00530-023-01211-w},
  DOI = {10.1007/s00530-023-01211-w},
  number = {1},
  journal = {Multimedia Systems},
  publisher = {Springer Science and Business Media LLC},
  author = {Miao,  Wei and Wang,  Lijun and Lu,  Huchuan and Huang,  Kaining and Shi,  Xinchu and Liu,  Bocong},
  year = {2024},
  month = jan 
}

@misc{yu2021diverse,
      title={Diverse Image Inpainting with Bidirectional and Autoregressive Transformers}, 
      author={Yingchen Yu and Fangneng Zhan and Rongliang Wu and Jianxiong Pan and Kaiwen Cui and Shijian Lu and Feiying Ma and Xuansong Xie and Chunyan Miao},
      year={2021},
      eprint={2104.12335},
      archivePrefix={arXiv},
      primaryClass={cs.CV}
}

@misc{vaswani2023attention,
      title={Attention Is All You Need}, 
      author={Ashish Vaswani and Noam Shazeer and Niki Parmar and Jakob Uszkoreit and Llion Jones and Aidan N. Gomez and Lukasz Kaiser and Illia Polosukhin},
      year={2023},
      eprint={1706.03762},
      archivePrefix={arXiv},
      primaryClass={cs.CL}
}

@misc{rolfe2017discrete,
      title={Discrete Variational Autoencoders}, 
      author={Jason Tyler Rolfe},
      year={2017},
      eprint={1609.02200},
      archivePrefix={arXiv},
      primaryClass={stat.ML}
}

@misc{wang2019dynamic,
      title={Dynamic Graph CNN for Learning on Point Clouds}, 
      author={Yue Wang and Yongbin Sun and Ziwei Liu and Sanjay E. Sarma and Michael M. Bronstein and Justin M. Solomon},
      year={2019},
      eprint={1801.07829},
      archivePrefix={arXiv},
      primaryClass={cs.CV}
}

@misc{jang2017categorical,
      title={Categorical Reparameterization with Gumbel-Softmax}, 
      author={Eric Jang and Shixiang Gu and Ben Poole},
      year={2017},
      eprint={1611.01144},
      archivePrefix={arXiv},
      primaryClass={stat.ML}
}

@misc{maddison2017concrete,
      title={The Concrete Distribution: A Continuous Relaxation of Discrete Random Variables}, 
      author={Chris J. Maddison and Andriy Mnih and Yee Whye Teh},
      year={2017},
      eprint={1611.00712},
      archivePrefix={arXiv},
      primaryClass={cs.LG}
}

@misc{roldao20213d,
      title={3D Semantic Scene Completion: a Survey}, 
      author={Luis Roldao and Raoul de Charette and Anne Verroust-Blondet},
      year={2021},
      eprint={2103.07466},
      archivePrefix={arXiv},
      primaryClass={cs.CV}
}

@article{song2016ssc,
  author     = {Song, Shuran and Yu, Fisher  and Zeng, Andy and Chang, Angel X and Savva, Manolis and Funkhouser, Thomas},
  title      = {Semantic Scene Completion from a Single Depth Image},
  journal 	 = {Proceedings of 30th IEEE Conference on Computer Vision and Pattern Recognition},
  year       = {2017},
}

@misc{dai2020sgnn,
      title={SG-NN: Sparse Generative Neural Networks for Self-Supervised Scene Completion of RGB-D Scans}, 
      author={Angela Dai and Christian Diller and Matthias Nie√üner},
      year={2020},
      eprint={1912.00036},
      archivePrefix={arXiv},
      primaryClass={cs.CV}
}

@misc{mildenhall2020nerf,
      title={NeRF: Representing Scenes as Neural Radiance Fields for View Synthesis}, 
      author={Ben Mildenhall and Pratul P. Srinivasan and Matthew Tancik and Jonathan T. Barron and Ravi Ramamoorthi and Ren Ng},
      year={2020},
      eprint={2003.08934},
      archivePrefix={arXiv},
      primaryClass={cs.CV}
}

@inproceedings{schoenberger2016sfm,
    author={Sch\"{o}nberger, Johannes Lutz and Frahm, Jan-Michael},
    title={Structure-from-Motion Revisited},
    booktitle={Conference on Computer Vision and Pattern Recognition (CVPR)},
    year={2016},
}

@inproceedings{schoenberger2016mvs,
    author={Sch\"{o}nberger, Johannes Lutz and Zheng, Enliang and Pollefeys, Marc and Frahm, Jan-Michael},
    title={Pixelwise View Selection for Unstructured Multi-View Stereo},
    booktitle={European Conference on Computer Vision (ECCV)},
    year={2016},
}

@article{article,
author = {Zwicker, Matthias and Pfister, Hanspeter and Baar, Jeroen and Gross, Markus},
year = {2001},
month = {08},
pages = {},
title = {Surface Splatting},
volume = {2001},
journal = {Proceedings of the ACM SIGGRAPH Conference on Computer Graphics},
doi = {10.1145/383259.383300}
}

@misc{chen2024survey,
      title={A Survey on 3D Gaussian Splatting}, 
      author={Guikun Chen and Wenguan Wang},
      year={2024},
      eprint={2401.03890},
      archivePrefix={arXiv},
      primaryClass={cs.CV}
}

@misc{beltagy2020longformer,
      title={Longformer: The Long-Document Transformer}, 
      author={Iz Beltagy and Matthew E. Peters and Arman Cohan},
      year={2020},
      eprint={2004.05150},
      archivePrefix={arXiv},
      primaryClass={cs.CL}
}

@comment{jabref-meta: selector_publisher:}

@comment{jabref-meta: selector_author:}

@comment{jabref-meta: selector_journal:}

@comment{jabref-meta: selector_keywords:}
